@online{Wikipedia-Scrum,
    author={Wikipedia},
    title={Scrum},
    url={https://en.wikipedia.org/wiki/Scrum_(software_development)},
    urldate={2020-10-1}
}

@online{Wikipedia-Scrum-History,
    author={Wikipedia},
    title={Scrum History},
    url={https://en.wikipedia.org/wiki/Scrum_(software_development)#History},
    urldate={2020-10-1}
}

@online{Wikipedia-Design-Thinking,
    author={Wikipedia},
    title={Design Thinking},
    url={https://en.wikipedia.org/wiki/Design_thinking},
    urldate={2020-10-2}
}
  
@online{HSLU-Education-SODA,
    author={HSLU},
    title={SODA},
    url={https://education.pages.enterpriselab.ch/soda/SoDa.html},
    urldate={2021-03-12}
}

@online{Motoren-Fortbewegung,
    author={amazon},
    title={DC-12V-Getriebemotor},
    url={https://www.amazon.de/gp/product/B075575BJH/ref=ppx_yo_dt_b_asin_title_o01_s00?ie=UTF8&psc=1},
    urldate={2021-04-07}
}
    
@online{Akku-Modellbau,
    author={Tattu},
    title={Akku-Modellbau-2300mAh},
    url={https://www.conrad.ch/de/p/tattu-modellbau-akkupack-lipo-14-8-v-2300-mah-zellen-zahl-4-45-c-softcase-xt60-1542436.html},
    urldate={2021-05-07}
}
    

@online{VL53L0X-Library,
    author={pimoroni},
    title={VL53L0X},
    url={https://github.com/pimoroni/VL53L0X-python},
    urldate={2021-04-07}
}
    
@misc{wu2019recent,
      title={Recent Advances in Deep Learning for Object Detection}, 
      author={Xiongwei Wu and Doyen Sahoo and Steven C. H. Hoi},
      year={2019},
      eprint={1908.03673},
      archivePrefix={arXiv},
      primaryClass={cs.CV}
}

@article{BUETTIDINH2019e00321,
title = {Deep neural networks outperform human expert's capacity in characterizing bioleaching bacterial biofilm composition},
journal = {Biotechnology Reports},
volume = {22},
pages = {e00321},
year = {2019},
issn = {2215-017X},
doi = {https://doi.org/10.1016/j.btre.2019.e00321},
url = {https://www.sciencedirect.com/science/article/pii/S2215017X18301954},
author = {Antoine Buetti-Dinh and Vanni Galli and Sören Bellenberg and Olga Ilie and Malte Herold and Stephan Christel and Mariia Boretska and Igor V. Pivkin and Paul Wilmes and Wolfgang Sand and Mario Vera and Mark Dopson},
keywords = {Deep learning, Convolutional neural networks, Biomining, Acidophiles, Bacterial biofilm, Microscopy imaging},
abstract = {Background
Deep neural networks have been successfully applied to diverse fields of computer vision. However, they only outperform human capacities in a few cases.
Methods
The ability of deep neural networks versus human experts to classify microscopy images was tested on biofilm colonization patterns formed on sulfide minerals composed of up to three different bioleaching bacterial species attached to chalcopyrite sample particles.
Results
A low number of microscopy images per category (<600) was sufficient for highly efficient computational analysis of the biofilm's bacterial composition. The use of deep neural networks reached an accuracy of classification of ∼90% compared to ∼50% for human experts.
Conclusions
Deep neural networks outperform human experts’ capacity in characterizing bacterial biofilm composition involved in the degradation of chalcopyrite. This approach provides an alternative to standard, time-consuming biochemical methods.}
}

@misc{redmon2016look,
      title={You Only Look Once: Unified, Real-Time Object Detection}, 
      author={Joseph Redmon and Santosh Divvala and Ross Girshick and Ali Farhadi},
      year={2016},
      eprint={1506.02640},
      archivePrefix={arXiv},
      primaryClass={cs.CV}
}

@article{Liu_2016,
   title={SSD: Single Shot MultiBox Detector},
   ISBN={9783319464480},
   ISSN={1611-3349},
   url={http://dx.doi.org/10.1007/978-3-319-46448-0_2},
   DOI={10.1007/978-3-319-46448-0_2},
   journal={Lecture Notes in Computer Science},
   publisher={Springer International Publishing},
   author={Liu, Wei and Anguelov, Dragomir and Erhan, Dumitru and Szegedy, Christian and Reed, Scott and Fu, Cheng-Yang and Berg, Alexander C.},
   year={2016},
   pages={21–37}
}

@misc{girshick2015fast,
      title={Fast R-CNN}, 
      author={Ross Girshick},
      year={2015},
      eprint={1504.08083},
      archivePrefix={arXiv},
      primaryClass={cs.CV}
}

@misc{soviany2018optimizing,
      title={Optimizing the Trade-off between Single-Stage and Two-Stage Object Detectors using Image Difficulty Prediction}, 
      author={Petru Soviany and Radu Tudor Ionescu},
      year={2018},
      eprint={1803.08707},
      archivePrefix={arXiv},
      primaryClass={cs.CV}
}

@misc{girshick2014rich,
      title={Rich feature hierarchies for accurate object detection and semantic segmentation}, 
      author={Ross Girshick and Jeff Donahue and Trevor Darrell and Jitendra Malik},
      year={2014},
      eprint={1311.2524},
      archivePrefix={arXiv},
      primaryClass={cs.CV}
}

@misc{canny-edge-detection,
      title={Canny Edge Detection},
      year={2002},
      url={https://docs.opencv.org/master/da/d22/tutorial_py_canny.html},
      urldate={2021-3-26}
}

@misc{wu2019detectron2,
  author =       {Yuxin Wu and Alexander Kirillov and Francisco Massa and
                  Wan-Yen Lo and Ross Girshick},
  title =        {Detectron2},
  howpublished = {\url{https://github.com/facebookresearch/detectron2}},
  year =         {2019}
}

@online{Wikipedia-X-Window-System,
    author={Wikipedia},
    title={X Window System},
    url={https://en.wikipedia.org/wiki/X_Window_System},
    urldate={2021-04-29}
}

@online{Xming-X-Window-Server-Download,
    author={Straightrunning},
    title={X Window Server Download},
    url={http://www.straightrunning.com/XmingNotes/#:~:text=Xming\%20is\%20the\%20leading\%20X,access\%20to\%20the\%20Windows\%20registry},
    urldate={2021-04-29}
}

@online{VSCode-Remote-SSH,
    author={visualstudio.com},
    title={Developing on Remote Machine},
    url={https://code.visualstudio.com/docs/remote/ssh},
    urldate={2021-05-04}
}



